@inproceedings{NEURIPS2018_69386f6b,
 author = {Chen, Ricky T. Q. and Rubanova, Yulia and Bettencourt, Jesse and Duvenaud, David K},
 booktitle = {Advances in Neural Information Processing Systems},
 editor = {S. Bengio and H. Wallach and H. Larochelle and K. Grauman and N. Cesa-Bianchi and R. Garnett},
 pages = {},
 publisher = {Curran Associates, Inc.},
 title = {Neural Ordinary Differential Equations},
 url = {https://proceedings.neurips.cc/paper/2018/file/69386f6bb1dfed68692a24c8686939b9-Paper.pdf},
 volume = {31},
 year = {2018}
}

@inproceedings{NEURIPS2019_952285b9,
 author = {Voelker, Aaron and Kaji\'{c}, Ivana and Eliasmith, Chris},
 booktitle = {Advances in Neural Information Processing Systems},
 editor = {H. Wallach and H. Larochelle and A. Beygelzimer and F. d\textquotesingle Alch\'{e}-Buc and E. Fox and R. Garnett},
 pages = {},
 publisher = {Curran Associates, Inc.},
 title = {Legendre Memory Units: Continuous-Time Representation in Recurrent Neural Networks},
 url = {https://proceedings.neurips.cc/paper/2019/file/952285b9b7e7a1be5aa7849f32ffff05-Paper.pdf},
 volume = {32},
 year = {2019}
}

@inproceedings{NEURIPS2019_99a40143,
 author = {Yildiz, Cagatay and Heinonen, Markus and Lahdesmaki, Harri},
 booktitle = {Advances in Neural Information Processing Systems},
 editor = {H. Wallach and H. Larochelle and A. Beygelzimer and F. d\textquotesingle Alch\'{e}-Buc and E. Fox and R. Garnett},
 pages = {},
 publisher = {Curran Associates, Inc.},
 title = {ODE2VAE: Deep generative second order ODEs with Bayesian neural networks},
 url = {https://proceedings.neurips.cc/paper/2019/file/99a401435dcb65c4008d3ad22c8cdad0-Paper.pdf},
 volume = {32},
 year = {2019}
}


@inproceedings{cde,
  author={Patrick Kidger and James Morrill and James Foster and Terry J. Lyons},
  title={Neural Controlled Differential Equations for Irregular Time Series},
  year={2020},
  cdate={1577836800000},
  url={https://proceedings.neurips.cc/paper/2020/hash/4a5876b450b45371f6cfe5047ac8cd45-Abstract.html},
  booktitle={NeurIPS},
  crossref={conf/nips/2020}
}

@article{lechner2020longterm,
	title={Learning Long-Term Dependencies in Irregularly-Sampled Time Series},
	author={Lechner, Mathias and Hasani, Ramin},
	journal={arXiv preprint arXiv:2006.04418},
	year={2020}
}
